%% LaTeX2e file `supplement.bib'
%% generated by the `filecontents' environment
%% from source `response' on 2024/12/06.
%%
@ARTICLE{Fotock2023,
 author={Fotock, Robert Kuku and Zappone, Alessio and Renzo, Marco Di},
 journal={IEEE Transactions on Communications},
 title={Energy Efficiency Optimization in RIS-Aided Wireless Networks: Active Versus Nearly-Passive RIS With Global Reflection Constraints},
 year={2024},
 volume={72},
 number={1},
 pages={257-272},
 doi={10.1109/TCOMM.2023.3320700}
}
